%% Created using Papers on Wed, 10 Jul 2013.
%% http://papersapp.com/papers/

@article{Xu1997,
author = {Xu, W W and Rosini, G P and Gupta, M and Jensen, C M and Kaska, W C and KroghJespersen, K and Goldman, A S},
title = {{Thermochemical alkane dehydrogenation catalyzed in solution without the use of a hydrogen acceptor}},
journal = {Chem. Commun.},
year = {1997},
number = {23},
pages = {2273--2274},
month = dec
}

@article{Cui2005,
author = {Cui, X H and Burgess, K},
title = {{Catalytic homogeneous asymmetric hydrogenations of largely unfunctionalized alkenes}},
journal = {Chem. Rev.},
year = {2005},
volume = {105},
number = {9},
pages = {3272--3296}
}

@article{Gao1999,
author = {Gao, J X and Xu, P P and Yi, X D and Wan, H L and Tsai, K R},
title = {{Hydrogenation and hydroformylation of olefins with water-soluble Ru-3(CO)(9)(TPPMS)(3) catalyst}},
journal = {J. Mol. Catal. A-Chem.},
year = {1999},
volume = {147},
number = {1-2},
pages = {99--104},
month = nov
}

@article{Moxham2006,
author = {Moxham, G L and Randell-Sly, H E and Brayshaw, S K and Woodward, R L and Weller, A S and Willis, M C},
title = {{A second-generation catalyst for intermolecular hydroacylation of alkenes and Alkynes using beta-S-substituted aldehydes: The role of a hemilabile P-O-P ligand}},
journal = {Angew. Chem. Int. Ed.},
year = {2006},
volume = {45},
number = {45},
pages = {7618--7622}
}

@article{Albrecht2000c,
author = {Albrecht, M and Lutz, M and Spek, A L and van Koten, G},
title = {{Organoplatinum crystals for gas-triggered switches}},
journal = {Nature},
year = {2000},
volume = {406},
number = {6799},
pages = {970--974},
month = aug
}

@article{Kranenburg1998,
author = {Kranenburg, M and Kamer, P C J and van Leeuwen, P W N M},
title = {{The effect of the bite angle of diphosphane ligands on activity and selectivity in palladium-catalyzed allylic alkylation}},
journal = {Eur. J. Inorg. Chem.},
year = {1998},
number = {1},
pages = {25--27},
month = jan
}

@article{Choi2011,
author = {Choi, J and MacArthur, A H R and Brookhart, M and Goldman, A S},
title = {{Dehydrogenation and Related Reactions Catalyzed by Iridium Pincer Complexes}},
journal = {Chem. Rev.},
year = {2011},
volume = {111},
number = {3},
pages = {1761--1779},
month = mar
}

@article{Ohshima2009,
author = {Ohshima, T and Miyamoto, Y and Ipposhi, J and Nakahara, Y and Utsunomiya, M and Mashima, K},
title = {{Platinum-Catalyzed Direct Amination of Allylic Alcohols under Mild Conditions: Ligand and Microwave Effects, Substrate Scope, and Mechanistic Study}},
journal = {J. Am. Chem. Soc.},
year = {2009},
volume = {131},
number = {40},
pages = {14317--14328},
month = oct
}

@article{Sergeev2010,
author = {Sergeev, Alexey G and Neumann, Helfried and Spannenberg, Anke and Beller, Matthias},
title = {{Synthesis and Catalytic Applications of Stable Palladium Dioxygen Complexes}},
journal = {Organometallics},
year = {2010},
volume = {29},
number = {15},
pages = {3368--3373},
month = aug
}

@article{Dongol2007,
author = {Dongol, K G and Koh, H and Sau, M and Chai, C L L},
title = {{Iron-catalysed sp(3)-sp(3) cross-coupling reactions of unactivated alkyl halides with alkyl Grignard reagents}},
journal = {Adv. Synth. Catal.},
year = {2007},
volume = {349},
number = {7},
pages = {1015--1018},
month = may
}

@article{Pawley2010,
author = {Pawley, R J and Moxham, G L and Dallanegra, R and Chaplin, A B and Brayshaw, S K and Weller, A S and Willis, M C},
title = {{Controlling Selectivity in Intermolecular Alkene or Aldehyde Hydroacylation Reactions Catalyzed by Rh(L-2)(+) Fragments}},
journal = {Organometallics},
year = {2010},
volume = {29},
number = {7},
pages = {1717--1728},
month = apr
}

@article{Escalle2009,
author = {Escalle, A and Mora, G and Gagosz, F and Mezailles, N and Le Goff, X F and Jean, Y and Le Floch, P},
title = {{Cationic Dimetallic Gold Hydride Complex Stabilized by a Xantphos-Phosphole ligand: Synthesis, X-ray Crystal Structure, and Density Functional Theory Study}},
journal = {Inorg. Chem.},
year = {2009},
volume = {48},
number = {17},
pages = {8415--8422},
month = sep
}

@article{Gupta1997,
author = {Gupta, M and Hagen, C and Kaska, W C and Cramer, R E and Jensen, C M},
title = {{Catalytic dehydrogenation of cycloalkanes to arenes by a dihydrido iridium P-C-P pincer complex}},
journal = {J. Am. Chem. Soc.},
year = {1997},
volume = {119},
number = {4},
pages = {840--841},
month = jan
}

@article{Zim2000,
author = {Zim, D and Gruber, A S and Ebeling, G and Dupont, J and Monteiro, A L},
title = {{Sulfur-containing palladacycles: Efficient phosphine-free catalyst precursors for the Suzuki cross-coupling reaction at room temperature}},
journal = {Org. Lett.},
year = {2000},
volume = {2},
number = {18},
pages = {2881--2884},
month = sep
}

@article{Gottker2004b,
author = {Gottker-Schnetmann, I and Brookhart, M},
title = {{Mechanistic studies of the transfer dehydrogenation of cyclooctane catalyzed by iridium bis(phosphinite) p-XPCP pincer complexes}},
journal = {J. Am. Chem. Soc.},
year = {2004},
volume = {126},
number = {30},
pages = {9330--9338},
month = aug
}

@article{Gupta1996,
author = {Gupta, M and Hagen, C and Flesher, R J and Kaska, W C and Jensen, C M},
title = {{A highly active alkane dehydrogenation catalyst: Stabilization of dihydrido rhodium and iridium complexes by a P-C-P pincer-ligand}},
journal = {Chem. Commun.},
year = {1996},
number = {17},
pages = {2083--2084},
month = sep
}

@article{Vlugt2009,
author = {van der Vlugt, J I and Reek, J N H},
title = {{Neutral Tridentate PNP Ligands and Their Hybrid Analogues: Versatile Non-Innocent Scaffolds for Homogeneous Catalysis}},
journal = {Angew. Chem. Int. Ed.},
year = {2009},
volume = {48},
number = {47},
pages = {8832--8846}
}

@article{Obora2006,
author = {Obora, Y and Kimura, M and Ohtake, T and Tokunaga, M and Tsuji, Y},
title = {{Nickel-catalyzed cross-coupling reaction of niobium(III)-alkyne complexes with aryl iodides}},
journal = {Organometallics},
year = {2006},
volume = {25},
number = {8},
pages = {2097--2100},
month = apr,
annote = {Nickel cross-coupling reactions with pincer complexes}
}

@article{Kanzelberger2000,
author = {Kanzelberger, M and Singh, B and Czerw, M and Krogh-Jespersen, K and Goldman, A S},
title = {{Addition of C-H bonds to the catalytically active complex (PCP)Ir (PCP = eta(3)-2,6-((Bu2PCH2)-Bu-t)(2)C6H3)}},
journal = {J. Am. Chem. Soc.},
year = {2000},
volume = {122},
number = {44},
pages = {11017--11018},
month = nov
}

@article{Morales2004,
author = {Morales-Morales, D and Redon, R and Yung, C and Jensen, C M},
title = {{Dehydrogenation of alkanes catalyzed by an iridium phosphinito PCP pincer complex}},
journal = {Inorg. Chim. Acta},
year = {2004},
volume = {357},
number = {10},
pages = {2953--2956},
month = jul
}

@book{Jacobs1999,
author = {Jacob, Daniel J},
title = {{Introduction to Atmospheric Chemistry}},
publisher = {Princeton University Press},
year = {1999}
}

@article{Crabtree2001,
author = {Crabtree, R H},
title = {{Alkane C-H activation and functionalization with homogeneous transition metal catalysts: a century of progress - a new millennium in prospect (vol 19, pg 2437, 2001)}},
journal = {J. Chem. Soc., Dalton Trans.},
year = {2001},
number = {19},
pages = {2951--2951},
month = oct
}

@article{Haaren2001b,
author = {van Haaren, R J and van Strijdonck, G P F and Oevering, H and Reek, J N H and Kamer, P C J and van Leeuwen, P W N M},
title = {{On the influence of the bite angle on the allylic alkylation of (E) and (Z) substrates: Loss and retention of double bond stereochemistry}},
journal = {Eur. J. Inorg. Chem.},
year = {2001},
number = {3},
pages = {837--843}
}

@article{Meijboom2009,
author = {Meijboom, Reinout and Bowen, Richard J and Berners-Price, Susan J},
title = {{Coordination complexes of silver(I) with tertiary phosphine and related ligands}},
journal = {Coordination Chemistry Reviews},
year = {2009},
volume = {253},
number = {3-4},
pages = {325--342},
month = feb
}

@article{Iglesias2012,
author = {Iglesias, M Jos{\'e} and Nicasio, M Carmen and Caballero, Ana and P{\'e}rez, Pedro J},
title = {{Silver-catalyzed silicon--hydrogen bond functionalization by carbene insertion}},
journal = {Dalton Trans.},
year = {2012},
volume = {42},
number = {4},
pages = {1191}
}

@article{Dudle2011b,
author = {Dudle, Balz and Rajesh, Kunjanpillai and Blacque, Olivier and Berke, Heinz},
title = {{Rhenium in Homogeneous Catalysis: [ReBrH(NO)(labile ligand)(large-bite-angle diphosphine)] Complexes as Highly Active Catalysts in Olefin Hydrogenations}},
journal = {J. Am. Chem. Soc.},
year = {2011},
volume = {133},
number = {21},
pages = {8168--8178},
month = jun
}

@article{Derrah2012,
author = {Derrah, Eric J and Martin, Carmen and Ladeira, Sonia and Miqueu, Karinne and Bouhadir, Ghenwa and Bourissou, Didier},
title = {{Coordination of a diphosphine--phosphine oxide to Au, Ag and Rh: when polyfunctionality rhymes with versatility}},
journal = {Dalton Trans.},
year = {2012},
volume = {41},
number = {47},
pages = {14274}
}

@article{Asensio2010,
author = {Asensio, Gregorio and Cuenca, Ana B and Esteruelas, Miguel A and Medio-Sim{\'o}n, Mercedes and Oliv{\'a}n, Montserrat and Valencia, Marta},
title = {{Osmium(III) Complexes with POP Pincer Ligands: Preparation from Commercially Available OsCl3 center dot 3H(2)O and Their X-ray Structures}},
journal = {Inorg. Chem.},
year = {2010},
volume = {49},
number = {19},
pages = {8665--8667},
month = oct
}

@article{Abatzoglou2009,
author = {Abatzoglou, Nicolas and Boivin, Steve},
title = {{A review of biogas purification processes}},
journal = {Biofuels, Bioprod. Bioref.},
year = {2009},
volume = {3},
number = {1},
pages = {42--71},
month = jan
}

@article{Astruc2005,
author = {Astruc, Didier},
title = {{The metathesis reactions: from a historical perspective to recent developments}},
journal = {New J. Chem.},
year = {2005},
volume = {29},
number = {1},
pages = {42--56}
}

@article{Berners-Price1988,
author = {Berners-Price, S J and Johnson, R K and Giovenella, A J and Faucette, L F and Mirabelli, C K and Sadler, P J},
title = {{Antimicrobial and anticancer activity of tetrahedral, chelated, diphosphine silver (I) complexes: comparison with copper and gold}},
journal = {Journal of Inorganic Biochemistry},
year = {1988},
volume = {33},
number = {4},
pages = {285--295}
}

@article{Albrecht2001,
author = {Albrecht, M and van Koten, G},
title = {{Platinum group organometallics based on "Pincer" complexes: Sensors, switches, and catalysts}},
journal = {Angew. Chem. Int. Ed.},
year = {2001},
volume = {40},
number = {20},
pages = {3750--3781}
}

@article{Zhu2008,
author = {Zhu, H J and Ziegler, T},
title = {{Influence of cis and trans ligands in platinum(II) complexes on the ability of the platinum center to activate C-H bonds. A density functional theory study}},
journal = {Organometallics},
year = {2008},
volume = {27},
number = {8},
pages = {1743--1749},
month = apr
}

@article{Haaren1999,
author = {van Haaren, R J and Oevering, H and Coussens, B B and van Strijdonck, G P F and Reek, J N H and Kamer, P C J and van Leeuwen, P W N M},
title = {{On the influence of the bite angle of bidentate phosphane ligands on the regioselectivity in allylic alkylation}},
journal = {Eur. J. Inorg. Chem.},
year = {1999},
number = {8},
pages = {1237--1241}
}

@article{Alcock1976,
author = {Alcock, Nathaniel W and Brown, John M and Jeffery, John C},
title = {{Rhodium phosphinoether complexes. Part I. Crystal and molecular structures of trans-[1,5-bis(diphenylphosphino)-3-oxapentane-O,P,P?]-carbonylrhodium(I) hexafluorophosphate and trans-aqua[1,11-bis-(diphenylphosphino)-3,6,9-trioxaundecane-P,P?]carbonylrhodium(I)hexafluorophosphate}},
journal = {J. Chem. Soc., Dalton Trans.},
year = {1976},
number = {7},
pages = {583--588}
}

@article{Amon2007,
author = {Amon, Thomas and Amon, Barbara and Kryvoruchko, Vitaliy and Zollitsch, Werner and Mayer, Karl and Gruber, Leonhard},
title = {{Biogas production from maize and dairy cattle manure - Influence of biomass composition on the methane yield}},
journal = {Agriculture, Ecosystems {\&} Environment},
year = {2007},
volume = {118},
number = {1-4},
pages = {173--182},
month = jan
}

@article{Gruver2011,
author = {Gruver, Brian C and Adams, Jeramie J and Warner, Seth J and Arulsamy, Navamoney and Roddick, Dean M},
title = {{Acceptor Pincer Chemistry of Ruthenium: Catalytic Alkane Dehydrogenation by ( CF3PCP)Ru(cod)(H)}},
journal = {Organometallics},
year = {2011},
volume = {30},
number = {19},
pages = {5133--5140},
month = oct
}

@book{Shilov2000,
author = {Shilov, A E and B, Shil'pin G},
title = {{Activation and catalytic reactions of saturated hydrocarbons in the presence of metal complexes}},
publisher = {Kluwer Academic Publishers},
year = {2000}
}

@article{Sandhya2011,
author = {Sandhya, K S and Suresh, Cherumuttathu H},
title = {{Water Splitting Promoted by a Ruthenium(II) PNN Complex: An Alternate Pathway through a Dihydrogen Complex for Hydrogen Production}},
journal = {Organometallics},
year = {2011},
volume = {30},
number = {14},
pages = {3888--3891},
month = jul
}

@article{Major2005,
author = {Major, Q and Lough, A J and Gusev, D G},
title = {{Substituents effects in POP pincer complexes of ruthenium}},
journal = {Organometallics},
year = {2005},
volume = {24},
number = {10},
pages = {2492--2501},
month = may
}

@article{Aoki1993,
author = {Aoki, T and Crabtree, R H},
title = {{Homogeneous tungsten, rhenium, and iridium catalysts in alkane dehydrogenation driven by reflux of substrate or of cosolvent or by inert-gas flow}},
journal = {Organometallics},
year = {1993},
volume = {12},
number = {2},
pages = {294--298},
month = feb
}

@article{Harris1964,
author = {Harris, R K},
title = {{COMMENTS ON NMR SPECTRA OF THE X n AA'X n'TYPE}},
journal = {CANADIAN JOURNAL OF CHEMISTRY-REVUE CANADIENNE DE CHIMIE},
year = {1964},
volume = {42},
number = {10},
pages = {2275--2281}
}

@article{Hahn2007,
author = {Hahn, F E and Jahnke, M C and Pape, T},
title = {{Synthesis of pincer-type bis(benzimidazolin-2-ylidene) palladium complexes and their application in C-C coupling reactions}},
journal = {Organometallics},
year = {2007},
volume = {26},
number = {1},
pages = {150--154},
month = jan
}

@article{Basset2005,
author = {Basset, Jean Marie and Cop{\'e}ret, Christophe and Lefort, Laurent and Maunders, Barry M and Maury, Olivier and Le Roux, Erwan and Saggio, Guillaume and Soignier, Sophie and Soulivong, Daravong and Sunley, Glenn J and Taoufik, Mostafa and Thivolle-Cazat, Jean},
title = {{Primary Products and Mechanistic Considerations in Alkane Metathesis}},
journal = {J. Am. Chem. Soc.},
year = {2005},
volume = {127},
number = {24},
pages = {8604--8605},
month = jun
}

@article{Moxham2008,
author = {Moxham, G L and Randell-Sly, H and Brayshaw, S K and Weller, A S and Willis, M C},
title = {{Intermolecular Alkene and Alkyne Hydroacylation with beta-S-Substituted Aldehydes: Mechanistic Insight into the Role of a Hemilabile P-O-P Ligand}},
journal = {Chem. Eur. J.},
year = {2008},
volume = {14},
number = {27},
pages = {8383--8397}
}

@article{Zhu2009,
author = {Zhu, Hongjuan and Ziegler, Tom},
title = {{Probing the Influence of Trans and Leaving Ligands on the Ability of Square-Planar Platinum(II) Complexes to Activate Methane. A Theoretical Study}},
journal = {Organometallics},
year = {2009},
volume = {28},
number = {9},
pages = {2773--2777},
month = may
}

@article{Baudry1982,
author = {Baudry, Denise and Ephritikhine, Michel and Felkin, Hugh and Zakrzewski, Janusz},
title = {{The selective conversion of n-pentane into pent-1-ene via trihydrido(trans-penta-1,3-diene)bis(triarylphosphine)rhenium}},
journal = {J. Chem. Soc., Chem. Commun.},
year = {1982},
number = {21},
pages = {1235--1236}
}

@article{Jahromi2012,
author = {Jahromi, Bahareh Tamaddoni and Kharat, Ali Nemati and Zamanian, Sara and Bakhoda, Abolghasem and Mashayekh, Kobra and Khazaeli, Sadegh},
title = {{Isoprene hydroamination catalyzed by palladium xantphos complexes}},
journal = {Appl. Catal. A-Gen.},
year = {2012},
volume = {433-434},
pages = {188--196},
month = aug,
annote = {Xantphos oxide, sulfide and selenide
Palladium dichloride complexes
}
}

@article{Fulmer2010,
author = {Fulmer, Gregory R and Miller, Alexander J M and Sherden, Nathaniel H and Gottlieb, Hugo E and Nudelman, Abraham and Stoltz, Brian M and Bercaw, John E and Goldberg, Karen I},
title = {{NMR Chemical Shifts of Trace Impurities: Common Laboratory Solvents, Organics, and Gases in Deuterated Solvents Relevant to the Organometallic Chemist}},
journal = {Organometallics},
year = {2010},
volume = {29},
number = {9},
pages = {2176--2179},
month = may
}

@article{Bernskoetter2009,
author = {Bernskoetter, W H and Schauer, C K and Goldberg, K I and Brookhart, M},
title = {{Characterization of a Rhodium(I) sigma-Methane Complex in Solution}},
journal = {Science},
year = {2009},
volume = {326},
number = {5952},
pages = {553--556},
month = oct
}

@article{Kimura2006,
author = {Kimura, T and Uozumi, Y},
title = {{PCP pincer palladium complexes and their catalytic properties: Synthesis via the electrophilic ligand introduction route}},
journal = {Organometallics},
year = {2006},
volume = {25},
number = {20},
pages = {4883--4887},
month = sep
}

@article{Montellano2010,
author = {de Montellano, P R O},
title = {{Hydrocarbon Hydroxylation by Cytochrome P450 Enzymes}},
journal = {Chem. Rev.},
year = {2010},
volume = {110},
number = {2},
pages = {932--948},
month = feb
}

@article{Bedford2000,
author = {Bedford, Robin B and Draper, Sylvia M and Noelle Scully, P and Welch, Samantha L},
title = {{Palladium bis(phosphinite) `PCP'-pincer complexes and their application as catalysts in the Suzuki reaction}},
journal = {New J. Chem.},
year = {2000},
volume = {24},
number = {10},
pages = {745--747}
}

@article{Davies2008,
author = {Davies, H M L and Manning, J R},
title = {{Catalytic C-H functionalization by metal carbenoid and nitrenoid insertion}},
journal = {Nature},
year = {2008},
volume = {451},
number = {7177},
pages = {417--424},
month = jan
}

@article{Tolman1977,
author = {Tolman, C A},
title = {{Steric effects of phosphorus ligands in organometallic chemistry and homogeneous catalysis}},
journal = {Chem. Rev.},
year = {1977},
volume = {77},
number = {3},
pages = {313--348}
}

@article{Vidal1997,
author = {Vidal, V and Theolier, A and Thivolle-Cazat, J and Basset, J M},
title = {{Metathesis of alkanes catalyzed by silica-supported transition metal hydrides}},
journal = {Science},
year = {1997},
volume = {276},
number = {5309},
pages = {99--102},
month = apr
}

@article{Garrou1981,
author = {Garrou, Philip E},
title = {{.DELTA.R-ring contributions to phosphorus-31 NMR parameters of transition-metal-phosphorus chelate complexes}},
journal = {Chem. Rev.},
year = {1981},
volume = {81},
number = {3},
pages = {229--266},
annote = {doi: 10.1021/cr00043a002}
}

@article{Yanagisawa1999,
author = {Yanagisawa, A and Kageyama, H and Nakatsuka, Y and Asakawa, K and Matsumoto, Y and Yamamoto, H},
title = {{Enantioselective Addition of Allylic Trimethoxysilanes to Aldehydes Catalyzed by p-Tol-BINAP small middle dotAgF.}},
journal = {Angew. Chem. Int. Ed.},
year = {1999},
volume = {38},
number = {24},
pages = {3701--3703},
month = dec
}

@article{Pintado2004,
author = {Pintado-Alba, Aranzazu and de la Riva, H ctor and Nieuwhuyzen, Mark and Bautista, Delia and Raithby, Paul R and Sparkes, Hazel A and Teat, Simon J and L pez-de-Luzuriaga, Jos M and Lagunas, M Cristina},
title = {{Effects of diphosphine structure on aurophilicity and luminescence in Au(i) complexes}},
journal = {Dalton Trans.},
year = {2004},
number = {21},
pages = {3459}
}

@article{Alos2013,
author = {Al{\'o}s, Joaqu{\'\i}n and Bola{\~n}o, Tamara and Esteruelas, Miguel A and Oliv{\'a}n, Montserrat and O{\~n}ate, Enrique and Valencia, Marta},
title = {{POP-Pincer Osmium-Polyhydrides: Head-to-Head ( Z)-Dimerization of Terminal Alkynes}},
journal = {Inorg. Chem.},
year = {2013},
volume = {52},
number = {10},
pages = {6199--6213},
month = may
}

@article{Krogh2002c,
author = {Krogh-Jespersen, K and Czerw, M and Zhu, K M and Singh, B and Kanzelberger, M and Darji, N and Achord, P D and Renkema, K B and Goldman, A S},
title = {{Combined computational and experimental study of substituent effects on the thermodynamics of H-2, CO, arene, and alkane addition to iridium}},
journal = {J. Am. Chem. Soc.},
year = {2002},
volume = {124},
number = {36},
pages = {10797--10809},
month = sep
}

@article{Freudenmann2011,
author = {Freudenmann, Dominic and Feldmann, Claus},
title = {{Ionic liquid based synthesis of the dinuclear complex Ag2I2(DPEphos)2 with Ag{\^a}€``Ag interaction}},
journal = {Inorg. Chim. Acta},
year = {2011},
volume = {375},
number = {1},
pages = {311--313},
month = sep
}

@article{Kaltzoglou2007,
author = {Kaltzoglou, A and Cox, P J and Aslanidis, P},
title = {{Silver(I) bromide complexes of the rigid diphosphanes 1,2-bis(diphenylphosphano)benzene (dppbz) and 4,5-bis(diphenylphosphano)-9,9-dimethyl-xanthene (xantphos): Crystal structures of [Ag($\mu$2-Br)(dppbz)]2, [AgBr(xantphos)] and [AgBr(xantphos)(py2SH)]}},
journal = {Polyhedron},
year = {2007},
volume = {26},
number = {8},
pages = {1634--1642},
month = may
}

@article{Renkema2003,
author = {Renkema, K B and Kissin, Y V and Goldman, A S},
title = {{Mechanism of alkane transfer-dehydrogenation catalyzed by a pincer-ligated iridium complex}},
journal = {J. Am. Chem. Soc.},
year = {2003},
volume = {125},
number = {26},
pages = {7770--7771},
month = jul
}

@article{Birkholz2009,
author = {Birkholz n{\'e}e Gensow, Mandy-Nicole and Freixa, Zoraida and van Leeuwen, Piet W N M},
title = {{Bite angle effects of diphosphines in C--C and C--X bond forming cross coupling reactions}},
journal = {Chem. Soc. Rev.},
year = {2009},
volume = {38},
number = {4},
pages = {1099--1118}
}

@article{Balakrishna2008,
author = {Balakrishna, Maravanji S and Venkateswaran, Ramalingam and Mobin, Shaikh M},
title = {{Silver(I) complexes of bis[2-(diphenylphosphino)phenyl] ether}},
journal = {Polyhedron},
year = {2008},
volume = {27},
number = {3},
pages = {899--904},
month = feb
}

@article{Crabtree1995,
author = {Crabtree, R H},
title = {{Aspects of methane chemistry}},
journal = {Chem. Rev.},
year = {1995},
volume = {95},
number = {4},
pages = {987--1007},
month = jun
}

@article{Mispelaere2005,
author = {Mispelaere-Canivet, C and Spindler, J F and Perrio, S and Beslin, P},
title = {{Pd-2(dba)(3)/Xantphos-catalyzed cross-coupling of thiols and aryl bromides/triflates}},
journal = {Tetrahedron},
year = {2005},
volume = {61},
number = {22},
pages = {5253--5259},
month = may
}

@article{Hollander1976,
author = {Hollander, F J and Ip, Y L and Coucouvanis, D},
title = {{Crystal and molecular structure of bis [bis (diphenylethylphosphine) silver (I)] bis (1, 2-dicyano-1, 2-ethylenedithiolato) nickelate (II),[Ag (P (C6H5) 2 (C2H5)) 2] 2Ni (S2C2 (CN) 2) 2. Steric effects on the phosphorus-silver-phosphorus angle}},
journal = {Inorg. Chem.},
year = {1976},
volume = {15},
number = {9},
pages = {2230--2234}
}

@article{Socol1984,
author = {Socol, S M and Verkade, J G},
title = {{Ligation of phosphorus ligands to silver (I). 2. Electronic and steric effects in the coordination of one to four P (OR) 3 and PR3 ligands}},
journal = {Inorg. Chem.},
year = {2001},
volume = {23},
number = {22},
pages = {3487--3493},
month = aug
}

@article{Saito2004,
author = {Saito, S and Yamamoto, H},
title = {{Design of acid - Base catalysis for the asymmetric direct aidol reaction}},
journal = {Acc. Chem. Res.},
year = {2004},
volume = {37},
number = {8},
pages = {570--579},
month = aug
}

@article{Heuer2000,
author = {Heuer, Bjorn and Pope, Simon JA and Reid, Gillian},
title = {{Synthesis, spectroscopic and structural characterisation of copper, silver and gold complexes of the mixed P/O-donor ligand Ph 2 P (CH 2) 2 O (CH 2) 2 O (CH 2) 2 PPh 2}},
journal = {Polyhedron},
year = {2000},
volume = {19},
number = {7},
pages = {743--749}
}

@article{Petocz2004,
author = {Petocz, G and Berente, Z and Kegl, T and Kollar, L},
title = {{Xantphos as cis- and trans-chelating ligand in square-planar platinum(II) complexes. Hydroformylation of styrene with platinum-xantphos-tin(II)chloride system}},
journal = {J. Organomet. Chem.},
year = {2004},
volume = {689},
number = {7},
pages = {1188--1193},
month = apr
}

@article{Sironi1990,
author = {Sironi, M and Cooper, D L and Gerratt, J and Raimondi, M},
title = {{Abinitio spin-coupled description of the reactions CH2(1A1)+H2-]CH4 and CH4-]CH3(2A1\')+H}},
journal = {J. Am. Chem. Soc.},
year = {1990},
volume = {112},
number = {13},
pages = {5054--5060},
month = jun
}

@article{Camalli1984,
author = {Camalli, Merceds and Caruso, Francesco and Chaloupka, Stanislav and Kapoor, Pramesh N and Pregosin, Paul S and Venanzi, Luigi M},
title = {{Transition metal complexes with bidentate ligands spanning trans‐positions part XV X‐ray structural and 31P‐NMR solution studies of some three‐coordinate silver complexes of 2, 11‐bis [di (tert‐butyl) phosphinomethyl] benzo [c] phenathrene and related ligands}},
journal = {HELVETICA CHIMICA ACTA},
year = {1984},
volume = {67},
number = {6},
pages = {1603--1611}
}

@article{Krogh2002b,
author = {Krogh-Jespersen, K and Czerw, M and Summa, N and Renkema, K B and Achord, P D and Goldman, A S},
title = {{On the mechanism of (PCP)Ir-catalyzed acceptorless dehydrogenation of alkanes: A combined computational and experimental study}},
journal = {J. Am. Chem. Soc.},
year = {2002},
volume = {124},
number = {38},
pages = {11404--11416},
month = sep
}

@article{Periana1993,
author = {Periana, R A and Taube, D J and Evitt, E R and Loffler, D G and Wentrcek, P R and Voss, G and Masuda, T},
title = {{A mercury-catalyzed, high-yield system for the oxidation of methane to methanol}},
journal = {Science},
year = {1993},
volume = {259},
number = {5093},
pages = {340--343},
month = jan
}

@article{Otsuka1976,
author = {Otsuka, S and Yoshida, T and Matsumoto, M and Nakatsu, K},
title = {{Bis (tertiary phosphine) palladium (0) and-platinum (0) Complexes: Preparations and Crystal and Molecular Structures}},
journal = {J. Am. Chem. Soc.},
year = {1976},
volume = {98},
number = {19},
pages = {5850--5858}
}

@article{Tinberg2011,
author = {Tinberg, C E and Lippard, S J},
title = {{Dioxygen Activation in Soluble Methane Monooxygenase}},
journal = {Acc. Chem. Res.},
year = {2011},
volume = {44},
number = {4},
pages = {280--288},
month = apr
}

@article{Goel1983b,
author = {Goel, Anil B and {Goel, Sarla}},
title = {{Chemistry of metal diene complexes: a convenient synthesis of selected bis(tertiary phosphine)platinum(0) complexes and their dioxygen platinum(II) adducts}},
journal = {Inorg. Chim. Acta},
year = {1983},
volume = {77},
number = {0},
pages = {L5--L6},
month = feb
}

@article{Sen1994,
author = {Sen, A and Benvenuto, M A and Lin, M R and Hutson, A C and Basickes, N},
title = {{Activation of methane and ethane and their selective oxidation to the alcohols in protic media}},
journal = {J. Am. Chem. Soc.},
year = {1994},
volume = {116},
number = {3},
pages = {998--1003},
month = feb
}

@article{Haenel2001,
author = {Haenel, M W and Oevers, S and Angermund, K and Kaska, W C and Fan, H J and Hall, M B},
title = {{Thermally stable homogeneous catalysts for alkane dehydrogenation}},
journal = {Angew. Chem. Int. Ed.},
year = {2001},
volume = {40},
number = {19},
pages = {3596--3600}
}

@article{Sawamura1990,
author = {Sawamura, Masaya and Hamashima, Hitoshi and Ito, Yoshihiko},
title = {{The asymmetric aldol reaction of tosylmethyl isocyanide and aldehydes catalyzed by chiral silver(I) complexes}},
journal = {The Journal of Organic Chemistry},
year = {1990},
volume = {55},
number = {24},
pages = {5935--5936},
annote = {doi: 10.1021/jo00311a007}
}

@article{Haber1983,
author = {Haber, C L and Allen, L N and Zhao, S and Hanson, R S},
title = {{Methylotrophic bacteria - biochemical diversity and genetics}},
journal = {Science},
year = {1983},
volume = {221},
number = {4616},
pages = {1147--1153}
}

@article{Burnett1973,
author = {Burnett, R L and Hughes, T R},
title = {{Mechanism and poisoning of molecular redistribution reaction of alkanes with a dual-functional catalyst system}},
journal = {J. Catal.},
year = {1973},
volume = {31},
number = {1},
pages = {55--64}
}

@article{Goel1981c,
author = {Goel, Ram G and Ogini, William O and Srivastava, Ramesh C},
title = {{A convenient synthesis of bis (tri-t-butylphosphine) platinum (0) and its oxidative addition and ligand exchange reactions}},
journal = {J. Organomet. Chem.},
year = {1981},
volume = {214},
number = {3},
pages = {405--417}
}

@article{Rittle2010,
author = {Rittle, J and Green, M T},
title = {{Cytochrome P450 Compound I: Capture, Characterization, and C-H Bond Activation Kinetics}},
journal = {Science},
year = {2010},
volume = {330},
number = {6006},
pages = {933--937},
month = nov
}

@article{Esteruelas2013,
author = {Esteruelas, Miguel A and Oliv{\'a}n, Montserrat and V{\'e}lez, Andrea},
title = {{Xantphos-Type Complexes of Group 9: Rhodium versus Iridium}},
journal = {Inorg. Chem.},
year = {2013},
volume = {52},
number = {9},
pages = {5339--5349},
month = may
}

@article{Luinstra1995,
author = {Luinstra, G A and Wang, L and Stahl, S S and Labinger, J A and Bercaw, J E},
title = {{C-H activation by aqueous platinum complexes - a mechanistic study}},
journal = {J. Organomet. Chem.},
year = {1995},
volume = {504},
number = {1-2},
pages = {75--91},
month = nov
}

@article{Crabtree2011b,
author = {Crabtree, R H},
title = {{An Organometallic Future in Green and Energy Chemistry?}},
journal = {Organometallics},
year = {2011},
volume = {30},
number = {1},
pages = {17--19},
month = jan
}

@article{Shilov1997,
author = {Shilov, A E and Shul'pin, G B},
title = {{Activation of C-H bonds by metal complexes}},
journal = {Chem. Rev.},
year = {1997},
volume = {97},
number = {8},
pages = {2879--2932},
month = dec
}

@article{Crabtree1979b,
author = {Crabtree, R},
title = {{Iridium compounds in catalysis}},
journal = {Acc. Chem. Res.},
year = {1979},
volume = {12},
number = {9},
pages = {331--338}
}

@article{Hodges1968,
author = {Hodges, R J and Garnett, J L},
title = {{Kinetics of hydrogen isotope exchange in benzene using a homogeneous platinum catalyst}},
journal = {J. Phys. Chem.},
year = {1968},
volume = {72},
number = {5},
pages = {1673--1682}
}

@article{Kuklin2006,
author = {Kuklin, S A and Sheloumov, A M and Dolgushin, F M and Ezernitskaya, M G and Peregudov, A S and Petrovskii, P V and Koridze, A A},
title = {{Highly active iridium catalysts for alkane dehydrogenation. Synthesis and properties of iridium bis(phosphine) pincer complexes based on ferrocene and ruthenocene}},
journal = {Organometallics},
year = {2006},
volume = {25},
number = {22},
pages = {5466--5476},
month = oct
}

@article{Poliakoff2001,
author = {Poliakoff, M and Anastas, P},
title = {{A principled stance}},
journal = {Nature},
year = {2001},
volume = {413},
number = {6853},
pages = {257--257},
month = sep
}

@article{Esteruelas2011,
author = {Esteruelas, M A and Honczek, N and Olivan, M and Onate, E and Valencia, M},
title = {{Direct Access to POP-Type Osmium(II) and Osmium(IV) Complexes: Osmium a Promising Alternative to Ruthenium for the Synthesis of Imines from Alcohols and Amines}},
journal = {Organometallics},
year = {2011},
volume = {30},
number = {9},
pages = {2468--2471},
month = may
}

@article{Mora2008,
author = {Mora, G and Piechaczyk, O and Houdard, R and Mezailles, N and Le Goff, X F and Le Floch, P},
title = {{Why Platinum Catalysts Involving Ligands with Large Bite Angle Are so Efficient in the Allylation of Amines: Design of a Highly Active Catalyst and Comprehensive Experimental and DFT Study}},
journal = {Chem. Eur. J.},
year = {2008},
volume = {14},
number = {32},
pages = {10047--10057}
}

@article{Ledger2010,
author = {Ledger, A E W and Moreno, A and Ellul, C E and Mahon, M F and Pregosin, P S and Whittlesey, M K and Williams, J M J},
title = {{Pincer Phosphine Complexes of Ruthenium: Formation of Ru(P-O-P)(PPh3)HCl (P-O-P = xantphos, DPEphos, (Ph2PCH2CH2)(2)O) and Ru(dppf)(PPh3)HCl and Characterization of Cationic Dioxygen, Dihydrogen, Dinitrogen, and Arene Coordinated Phosphine Products}},
journal = {Inorg. Chem.},
year = {2010},
volume = {49},
number = {16},
pages = {7244--7256},
month = aug
}

@article{Singleton2003,
author = {Singleton, J T},
title = {{The uses of pincer complexes in organic synthesis}},
journal = {Tetrahedron},
year = {2003},
volume = {59},
number = {11},
pages = {1837--1857}
}

@article{Labinger2002,
author = {Labinger, J A and Bercaw, J E},
title = {{Understanding and exploiting C-H bond activation}},
journal = {Nature},
year = {2002},
volume = {417},
number = {6888},
pages = {507--514},
month = may
}

@article{Oreskes2004,
author = {Oreskes, N},
title = {{Beyond the ivory tower - The scientific consensus on climate change}},
journal = {Science},
year = {2004},
volume = {306},
number = {5702},
pages = {1686--1686}
}

@article{Chatt1965,
author = {Chatt, J and Davidson, J M},
title = {{Tautomerism of arene and ditertiary phosphine complexes of ruthenium(o) and preparation of new types of hydridocomplexes of ruthenium(2)}},
journal = {J. Chem. Soc.},
year = {1965},
number = {FEB},
pages = {843--955}
}

@article{Crabtree1979,
author = {Crabtree, R H and Mihelcic, J M and Quirk, J M},
title = {{Iridium complexes in alkane dehydrogenation}},
journal = {J. Am. Chem. Soc.},
year = {1979},
volume = {101},
number = {26},
pages = {7738--7740}
}

@article{Partyka2010,
author = {Partyka, D V and Updegraff, J B and Zeller, M and Hunter, A D and Gray, T G},
title = {{Gold(I) halide complexes of bis(diphenylphosphine) diphenyl ether ligands: a balance of ligand strain and non-covalent interactions}},
journal = {Dalton Trans.},
year = {2010},
volume = {39},
number = {22},
pages = {5388--5397}
}

@article{Lipscomb1994,
author = {Lipscomb, J D},
title = {{Biochemistry of the soluble methane monooxygenase}},
journal = {Annu. Rev. Microbiol.},
year = {1994},
volume = {48},
pages = {371--399}
}

@article{Chatt1955,
author = {Chatt, J and Duncanson, L A and Venanzi, L M},
title = {{Directing effects in inorganic substitution reactions .1. A hypothesis to explain the trans-effect}},
journal = {J. Chem. Soc.},
year = {1955},
pages = {4456--4460}
}

@article{Zhu2004,
author = {Zhu, K M and Achord, P D and Zhang, X W and Krogh-Jespersen, K and Goldman, A S},
title = {{Highly effective pincer-ligated iridium catalysts for alkane dehydrogenation. DFT calculations of relevant thermodynamic, kinetic, and spectroscopic properties}},
journal = {J. Am. Chem. Soc.},
year = {2004},
volume = {126},
number = {40},
pages = {13044--13053},
month = oct
}

@article{Liu1999,
author = {Liu, F C and Pak, E B and Singh, B and Jensen, C M and Goldman, A S},
title = {{Dehydrogenation of n-alkanes catalyzed by iridium "pincer" complexes: Regioselective formation of alpha-olefins}},
journal = {J. Am. Chem. Soc.},
year = {1999},
volume = {121},
number = {16},
pages = {4086--4087},
month = apr
}

@article{Dieter2001,
author = {Dieter, R Karl and Topping, Chris M and Nice, Lois E},
title = {{A Study of Factors Affecting $\alpha$-(N-Carbamoyl)alkylcuprate Chemistry}},
journal = {The Journal of Organic Chemistry},
year = {2001},
volume = {66},
number = {7},
pages = {2302--2311},
annote = {doi: 10.1021/jo0056702}
}

@article{Crabtree2004,
author = {Crabtree, R H},
title = {{Organometallic alkane CH activation}},
journal = {J. Organomet. Chem.},
year = {2004},
volume = {689},
number = {24},
pages = {4083--4091},
month = nov
}

@article{Periana1998,
author = {Periana, R A and Taube, D J and Gamble, S and Taube, H and Satoh, T and Fujii, H},
title = {{Platinum catalysts for the high-yield oxidation of methane to a methanol derivative}},
journal = {Science},
year = {1998},
volume = {280},
number = {5363},
pages = {560--564},
month = apr
}

@article{Lenero2003,
author = {Lenero, K A and Kranenburg, M and Guari, Y and Kamer, P C J and van Leeuwen, P W N M and Sabo-Etienne, S and Chaudret, B},
title = {{Ruthenium dihydrogen complexes with wide bite angle diphosphines}},
journal = {Inorg. Chem.},
year = {2003},
volume = {42},
number = {9},
pages = {2859--2866},
month = may
}

@article{Dieleman2001,
author = {Dieleman, C B and {Kamer, P. C. L.} and Reek, J N H and van Leeuwen, P W N M},
title = {{Xantphite: A new family of ligands for catalysis. Applications in the hydroformylation of alkenes}},
journal = {HELVETICA CHIMICA ACTA},
year = {2001},
volume = {84},
number = {10},
pages = {3269--3280}
}

@article{Kubas1988,
author = {Kubas, G J},
title = {{Molecular-hydrogen complexes - coordination of a sigma-bond to transition-metals}},
journal = {Acc. Chem. Res.},
year = {1988},
volume = {21},
number = {3},
pages = {120--128},
month = mar
}

@article{Suter1938,
author = {Suter, C M and Maxwell, C E},
title = {{Phenoxthin}},
journal = {Org. Synth.},
year = {1938},
volume = {18},
pages = {64--65}
}

@article{Fanjul2013,
author = {Fanjul, Tamara and Eastham, Graham and Floure, Joelle and Forrest, Sebastian J K and Haddow, Mairi F and Hamilton, Alex and Pringle, Paul G and Orpen, A Guy and Waugh, Mark},
title = {{Interplay of bite angle and cone angle effects. A comparison between o-C6H4(CH2PR2)(PR′2) and o-C6H4(CH2PR2)(CH2PR′2) as ligands for Pd-catalysed ethene hydromethoxycarbonylation}},
journal = {Dalton Trans.},
year = {2012},
volume = {42},
number = {1},
pages = {100},
annote = {DBPX
}
}

@article{Merkx2001,
author = {Merkx, M and Kopp, D A and Sazinsky, M H and Blazyk, J L and Muller, J and Lippard, S J},
title = {{Dioxygen activation and methane hydroxylation by soluble methane monooxygenase: A tale of two irons and three proteins}},
journal = {Angew. Chem. Int. Ed.},
year = {2001},
volume = {40},
number = {15},
pages = {2782--2807}
}

@article{Kundu2009,
author = {Kundu, S and Choliy, Y and Zhuo, G and Ahuja, R and Emge, T J and Warmuth, R and Brookhart, M and Krogh-Jespersen, K and Goldman, A S},
title = {{Rational Design and Synthesis of Highly Active Pincer-Iridium Catalysts for Alkane Dehydrogenation}},
journal = {Organometallics},
year = {2009},
volume = {28},
number = {18},
pages = {5432--5444},
month = sep
}

@article{Labinger1993,
author = {Labinger, J A and Herring, A M and Lyon, D K and Luinstra, G A and Bercaw, J E and Horvath, I T and Eller, K},
title = {{Oxidation of hydrocarbons by aqueous platinum salts - mechanism and selectivity}},
journal = {Organometallics},
year = {1993},
volume = {12},
number = {3},
pages = {895--905},
month = mar
}

@article{Gottker2004,
author = {Gottker-Schnetmann, I and White, P and Brookhart, M},
title = {{Iridium bis(phosphinite) p-XPCP pincer complexes: Highly active catalysts for the transfer dehydrogenation of alkanes}},
journal = {J. Am. Chem. Soc.},
year = {2004},
volume = {126},
number = {6},
pages = {1804--1811},
month = feb
}

@article{Miyata2011,
author = {Miyata, K and Nakagawa, T and Kawakami, R and Kita, Y and Sugimoto, K and Nakashima, T and Harada, T and Kawai, T and Hasegawa, Y},
title = {{Remarkable Luminescence Properties of Lanthanide Complexes with Asymmetric Dodecahedron Structures}},
journal = {Chem. Eur. J.},
year = {2011},
volume = {17},
number = {2},
pages = {521--528}
}

@article{Goody1951,
author = {Goody, R M and Robinson, G D},
title = {{Radiation in the troposphere and lower stratosphere}},
journal = {Q. J. R. Meteorolog. Soc.},
year = {1951},
volume = {77},
number = {332},
pages = {151--187}
}

@article{Freixa2008,
author = {Freixa, Z and van Leeuwen, P W N M},
title = {{Trans-chelating diphosphines, the elusive ligands!}},
journal = {Coord. Chem. Rev.},
year = {2008},
volume = {252},
number = {15-17},
pages = {1755--1786},
month = aug
}

@article{Hodges1969b,
author = {Hodges, R J and Garnett, J L},
title = {{Isotopic hydrogen exchange in alkylbenzenes using homogeneous platinum catalysts}},
journal = {J. Catal.},
year = {1969},
volume = {13},
number = {1},
pages = {83--98}
}

@article{Kranenburg1995,
author = {Kranenburg, M and Vanderburgt, Yem and Kamer, PCJ and van Leeuwen, PWNM and Goubitz, K and Frannje, J},
title = {{New diphosphine ligands based on heterocyclic aromatics inducing very high regioselectivity in rhodium-catalyzed hydroformylation - effect of the bite angle}},
journal = {Organometallics},
year = {1995},
volume = {14},
number = {6},
pages = {3081--3089},
month = jun
}

@article{Kataoka1995,
author = {Kataoka, Y and Tsuji, Y and Matsumoto, O and Ohashi, M and Yamagata, T and Tani, K},
title = {{Preparation of cationic (E)-sigma-alkenyl palladium complexes having a P-O-N or a P-O-P tridentate ligand as stabilized intermediate of palladium-catalyzed stereoselective addition of methanol to acetylenes - characterization, x-ray-analysis and the reaction pathway}},
journal = {J. Chem. Soc., Chem. Commun.},
year = {1995},
number = {20},
pages = {2099--2100},
month = oct
}

@article{Veen2000b,
author = {van der Veen, L A and Keeven, P K and Kamer, P C J and van Leeuwen, P W N M},
title = {{Wide bite angle amine, arsine and phosphine ligands in rhodium- and platinum/tin-catalysed hydroformylation}},
journal = {J. Chem. Soc., Dalton Trans.},
year = {2000},
number = {13},
pages = {2105--2112}
}

@article{Hodges1969,
author = {Hodges, R J and Garnett, J L},
title = {{Homogeneous platinum(2)-catalyzed exchange of hydrogen in polycyclic aromatic hydrocarbons and heterocyclic molecules}},
journal = {J. Phys. Chem.},
year = {1969},
volume = {73},
number = {5},
pages = {1525--1539}
}

@book{Hardy2003,
author = {Hardy, John T},
title = {{Climate Change Causes, Effects and Solutions}},
publisher = {Wiley},
year = {2003}
}

@article{Liu2008,
author = {Liu, Johnson J and Galettis, Peter and Farr, Alistair and Maharaj, Lenushka and Samarasinha, Hasitha and McGechan, Adam C and Baguley, Bruce C and Bowen, Richard J and Berners-Price, Susan J and McKeage, Mark J},
title = {{In vitro antitumour and hepatotoxicity profiles of Au(I) and Ag(I) bidentate pyridyl phosphine complexes and relationships to cellular uptake}},
journal = {Journal of Inorganic Biochemistry},
year = {2008},
volume = {102},
number = {2},
pages = {303--310},
month = feb
}

@article{Crabtree1993,
author = {Crabtree, R H},
title = {{Transition-metal complexation of sigma-bonds}},
journal = {Angew. Chem. Int. Ed.},
year = {1993},
volume = {32},
number = {6},
pages = {789--805},
month = jun
}

@article{Baudry1984,
author = {Baudry, D and Ephritikhine, M and Felkin, H and Zakrzewski, J},
title = {{Activation of C-H bonds in saturated-hydrocarbons - the formation of bis-(triphenylphosphine) (eta-alkadiene)rhenium trihydrides from n-alkanes, and their selective conversion into the corresponding 1-alkenes}},
journal = {Tetrahedron Lett.},
year = {1984},
volume = {25},
number = {12},
pages = {1283--1286}
}

@article{Chatt1962,
author = {Chatt, J and Watson, H R},
title = {{Complexes of zerovalent transition metals with ditertiary phosphine, Me2P.CH2.CH2.PMe2}},
journal = {J. Chem. Soc.},
year = {1962},
number = {JUL},
pages = {2545--2549}
}

@article{Poliakoff2002,
author = {Poliakoff, M and Fitzpatrick, J M and Farren, T R and Anastas, P T},
title = {{Green chemistry: Science and politics of change}},
journal = {Science},
year = {2002},
volume = {297},
number = {5582},
pages = {807--810},
month = aug
}

@article{Moulton1976,
author = {Moulton, C J and Shaw, B L},
title = {{Transition metal-carbon bonds .42. Complexes of nickel, palladium, platinum, rhodium and iridium with tridentate ligand 2,6-bis[(di-t-butylphosphino)methyl]phenyl}},
journal = {J. Chem. Soc., Dalton Trans.},
year = {1976},
number = {11},
pages = {1020--1024}
}

@article{Crabtree1977,
author = {Crabtree, R H and Felkin, H and Morris, G E},
title = {{Cationic iridium diolefin complexes as alkene hydrogenation catalysts and isolation of some related hydrido complexes}},
journal = {J. Organomet. Chem.},
year = {1977},
volume = {141},
number = {2},
pages = {205--215}
}

@article{Takenaka2005,
author = {Takenaka, K and Minakawa, M and Uozumi, Y},
title = {{NCN pincer palladium complexes: Their preparation via a ligand introduction route and their catalytic properties}},
journal = {J. Am. Chem. Soc.},
year = {2005},
volume = {127},
number = {35},
pages = {12273--12281}
}

@article{Goedheijt1998,
author = {Goedheijt, M S and Kamer, PCJ and van Leeuwen, PWNM},
title = {{A water-soluble diphosphine ligand with a large `natural' bite angle for two-phase hydroformylation of alkenes}},
journal = {J. Mol. Catal. A-Chem.},
year = {1998},
volume = {134},
number = {1-3},
pages = {243--249},
month = sep
}

@article{Krogh2002,
author = {Krogh-Jespersen, K and Czerw, M and Goldman, A S},
title = {{Computational and experimental studies of the mechanism of (PCP)Ir-catalyzed acceptorless dehydrogenation of alkanes}},
journal = {Journal of Molecular Catalysis A: Chemical},
year = {2002},
volume = {189},
number = {1},
pages = {95--110},
month = oct
}

@article{Buhling1997,
author = {Buhling, A and Kamer, PCJ and van Leeuwen, PWNM and Elgersma, J W and Goubitz, K and Fraanje, J},
title = {{Novel amphiphilic diphosphines: Synthesis, X-ray structure, rhodium complexes, use in hydroformylation, and rhodium recycling}},
journal = {Organometallics},
year = {1997},
volume = {16},
number = {13},
pages = {3027--3037},
month = jun
}

@article{Fujii1990,
author = {Fujii, T and Saito, Y},
title = {{Thermocatalytic formation of molecular-hydrogen and cyclo-octene from cyclo-octane by rhodium complexes}},
journal = {J. Chem. Soc., Chem. Commun.},
year = {1990},
number = {10},
pages = {757--758},
month = may
}

@article{Freixa2003,
author = {Freixa, Z and van Leeuwen, PWNM},
title = {{Bite angle effects in diphosphine metal catalysts: steric or electronic?}},
journal = {Dalton Trans.},
year = {2003},
number = {10},
pages = {1890--1901}
}

@article{Knowles2003,
author = {Knowles, William S},
title = {{Asymmetric Hydrogenations (Nobel Lecture 2001)}},
journal = {Adv. Synth. Catal.},
year = {2003},
volume = {345},
number = {1-2},
pages = {3--13}
}

@article{Koshar1973,
author = {Koshar, R J and Mitsch, R A},
title = {{Bis (perfluoroalkylsulfonyl) methanes and Related Disulfones}},
journal = {The Journal of Organic Chemistry},
year = {1973},
volume = {38},
number = {19},
pages = {3358--3363}
}

@article{Holscher2007,
author = {Holscher, M and Prechtl, M H G and Leitner, W},
title = {{Can [M(H)(2)(H-2)(PXP)] pincer complexes (M = Fe, Ru, Os; X = N, O, S) serve as catalyst lead structures for NH3 synthesis from N-2 and H-2?}},
journal = {Chem. Eur. J.},
year = {2007},
volume = {13},
number = {23},
pages = {6636--6643}
}

@article{Beckmann2011,
author = {Beckmann, Udo and S{\"u}sl{\"u}yan, Diyana and Kunz, Peter C},
title = {{Is the 1JPSeCoupling Constant a Reliable Probe for the Basicity of Phosphines? A 31P NMR Study}},
journal = {Phosphorus, Sulfur, and Silicon and the Related Elements},
year = {2011},
volume = {186},
number = {10},
pages = {2061--2070},
month = oct
}

@article{Hashiguchi2010,
author = {Hashiguchi, B G and Young, K J H and Yousufuddin, M and Goddard, W A and Periana, R A},
title = {{Acceleration of Nucleophilic CH Activation by Strongly Basic Solvents}},
journal = {J. Am. Chem. Soc.},
year = {2010},
volume = {132},
number = {36},
pages = {12542--12545},
month = sep
}

@article{Haav2012,
author = {Haav, Kristjan and Saame, Jaan and K{\"u}tt, Agnes and Leito, Ivo},
title = {{Basicity of Phosphanes and Diphosphanes in Acetonitrile}},
journal = {EUROPEAN JOURNAL OF ORGANIC CHEMISTRY},
year = {2012},
volume = {2012},
number = {11},
pages = {2167--2172},
month = feb
}

@article{Kutt2008,
author = {K{\"u}tt, Agnes and Movchun, Valeria and Rodima, Toomas and Dansauer, Timo and Rusanov, Eduard B and Leito, Ivo and Kaljurand, Ivari and Koppel, Juta and Pihl, Viljar and Koppel, Ivar and Ovsjannikov, Gea and Toom, Lauri and Mishima, Masaaki and Medebielle, Maurice and Lork, Enno and R{\"o}schenthaler, Gerd-Volker and Koppel, Ilmar A and Kolomeitsev, Alexander A},
title = {{Pentakis(trifluoromethyl)phenyl, a Sterically Crowded and Electron-withdrawing Group:  Synthesis and Acidity of Pentakis(trifluoromethyl)benzene, -toluene, -phenol, and -aniline}},
journal = {The Journal of Organic Chemistry},
year = {2008},
volume = {73},
number = {7},
pages = {2607--2620},
month = apr
}

@article{Henderson1960,
author = {Henderson, Jr, Wm A and Streuli, C A},
title = {{The basicity of phosphines}},
journal = {J. Am. Chem. Soc.},
year = {1960},
volume = {82},
number = {22},
pages = {5791--5794}
}

@article{Yoshida1978,
author = {Yoshida, T and Yamagata, T and Tulip, T H and Ibers, James A and Otsuka, Sei},
title = {{Cis dihydride diphosphine complexes of platium (II) and their dehydrogenation to form dimeric platinum (0) complexes. The structure of [Pt (tert-Bu) 2P (CH2) 3P (tert-Bu) 2] 2}},
journal = {J. Am. Chem. Soc.},
year = {1978},
volume = {100},
number = {7},
pages = {2063--2073}
}

@article{Kaljurand2005,
author = {Kaljurand, Ivari and K{\"u}tt, Agnes and Soov{\"a}li, Lilli and Rodima, Toomas and M{\"a}emets, Vahur and Leito, Ivo and Koppel, Ilmar A},
title = {{Extension of the Self-Consistent Spectrophotometric Basicity Scale in Acetonitrile to a Full Span of 28 p KaUnits:  Unification of Different Basicity Scales}},
journal = {The Journal of Organic Chemistry},
year = {2005},
volume = {70},
number = {3},
pages = {1019--1028},
month = feb
}

@article{Kranenburg1995b,
author = {Kranenburg, M and Kamer, PCJ and van Leeuwen, PWNM and Vogt, D and KEIM, W},
title = {{Effect of the bite angle of diphosphine ligands on activity and selectivity in the nickel-catalyzed hydrocyanation of styrene}},
journal = {J. Chem. Soc., Chem. Commun.},
year = {1995},
number = {21},
pages = {2177--2178},
month = nov
}

@article{Kutt2006,
author = {K{\"u}tt, Agnes and Leito, Ivo and Kaljurand, Ivari and Soov{\"a}li, Lilli and Vlasov, Vladislav M and Yagupolskii, Lev M and Koppel, Ilmar A},
title = {{A Comprehensive Self-Consistent Spectrophotometric Acidity Scale of Neutral Br{\o}nsted Acids in Acetonitrile}},
journal = {The Journal of Organic Chemistry},
year = {2006},
volume = {71},
number = {7},
pages = {2829--2838},
month = mar
}

@article{Casey1990,
author = {Casey, C P and Whiteker, G T},
title = {{The natural bite angle of chelating diphosphines}},
journal = {ISRAEL JOURNAL OF CHEMISTRY},
year = {1990},
volume = {30},
number = {4},
pages = {299--304}
}

@article{Gupta1997b,
author = {Gupta, M and Kaska, W C and Jensen, C M},
title = {{Catalytic dehydrogenation of ethylbenzene and tetrahydrofuran by a dihydrido iridium P-C-P pincer complex}},
journal = {Chem. Commun.},
year = {1997},
number = {5},
pages = {461--462},
month = mar
}

@article{Bungu2007,
author = {Bungu, Peter N and Otto, Stefanus},
title = {{Steric and electronic properties in bicyclic phosphines. Crystal and molecular structures of Se=Phoban-Q (Q=C2, C3Ph, Cy and Ph)}},
journal = {Journal of Organometallic Chemistry},
year = {2007},
volume = {692},
number = {16},
pages = {3370--3379},
month = jul
}

@article{Becerra2009,
author = {Serrano-Becerra, J M and Morales-Morales, D},
title = {{Applications in Catalysis and Organic Transformations Mediated by Platinum Group PCP and PNP Aromatic-Based Pincer Complexes: Recent Advances}},
journal = {Curr. Org. Synth.},
year = {2009},
volume = {6},
number = {2},
pages = {169--192},
month = may
}

@article{Malaise2006,
author = {Malaise, Gregory and Sortais, Jean-Baptiste and Barloy, Laurent and Pfeffer, Michel and Kyritsakas, Nathalie},
title = {{Nitrogen-containing xanthene-based chiral ligands: Synthesis, NMR and X-ray analyses, and catalytic applications of their palladium, silver and rhodium complexes}},
journal = {Polyhedron},
year = {2006},
volume = {{25}},
number = {{17}},
pages = {{3349--3365}},
month = dec
}

@article{Albrecht2000,
author = {Albrecht, M and Gossage, R A and Lutz, M and Spek, A L and van Koten, G},
title = {{Diagnostic organometallic and metallodendritic materials for SO2 gas detection: Reversible binding of sulfur dioxide to arylplatinum(II) complexes}},
journal = {Chem. Eur. J.},
year = {2000},
volume = {6},
number = {8},
pages = {1431--1445},
month = apr
}

@article{Goldman2006,
author = {Goldman, A S and Roy, A H and Huang, Z and Ahuja, R and Schinski, W and Brookhart, M},
title = {{Catalytic alkane metathesis by tandem alkane dehydrogenation olefin metathesis}},
journal = {Science},
year = {2006},
volume = {312},
number = {5771},
pages = {257--261},
month = apr
}

@article{Osborn1966,
author = {Osborn, J A and Jardine, F H and Young, J F and Wilkinson, G},
title = {{Preparation and properties of tris(triphenylphosphine)halogenorhodium(1) and some reactions thereof including catalytic homogeneous hydrogenation of olefins and acetylenes and their derivatives}},
journal = {J. Chem. Soc. A},
year = {1966},
number = {12},
pages = {1711--1732}
}

